
@misc{johnson_deep_nodate,
	title = {Deep {Implicit} {Layers} - {Neural} {ODEs}, {Deep} {Equilibirum} {Models}, and {Beyond}},
	url = {http://implicit-layers-tutorial.org/},
	abstract = {This web page is the companion website to our NeurIPS 2020 tutorial, created by [Zico Kolter](http://zicokolter.com), [David Duvenaud](http://www.cs.toronto.edu/{\textasciitilde}duvenaud/), and [Matt Johnson](http://people.csail.mit.edu/mattjj/). The page constain notes to accompany our tutorial (all created via Colab notebooks, which you can experiment with as you like), as well as links to our video presentation...},
	language = {en},
	urldate = {2021-03-08},
	author = {Johnson, David Duvenaud, Matt, Zico Kolter},
	file = {Snapshot:/Users/brent/Zotero/storage/NPCMJBLW/implicit-layers-tutorial.org.html:text/html},
}

@inproceedings{bansal_goal-driven_2017,
	title = {Goal-driven dynamics learning via {Bayesian} optimization},
	booktitle = {2017 {IEEE} 56th {Annual} {Conference} on {Decision} and {Control} ({CDC})},
	publisher = {IEEE},
	author = {Bansal, Somil and Calandra, Roberto and Xiao, Ted and Levine, Sergey and Tomlin, Claire J.},
	year = {2017},
	pages = {5168--5173},
	file = {Snapshot:/Users/brent/Zotero/storage/W9G62ZMQ/8264425.html:text/html;Full Text:/Users/brent/Zotero/storage/7FAU3RSI/Bansal et al. - 2017 - Goal-driven dynamics learning via Bayesian optimiz.pdf:application/pdf},
}

@article{donti_task-based_2017,
	title = {Task-based end-to-end model learning in stochastic optimization},
	journal = {arXiv preprint arXiv:1703.04529},
	author = {Donti, Priya L. and Amos, Brandon and Kolter, J. Zico},
	year = {2017},
	file = {Snapshot:/Users/brent/Zotero/storage/WZ8BCYLF/1703.html:text/html;Full Text:/Users/brent/Zotero/storage/4KYUY9Y7/Donti et al. - 2017 - Task-based end-to-end model learning in stochastic.pdf:application/pdf},
}

@article{mandi_interior_2020,
	title = {Interior {Point} {Solving} for {LP}-based prediction+ optimisation},
	journal = {arXiv preprint arXiv:2010.13943},
	author = {Mandi, Jayanta and Guns, Tias},
	year = {2020},
	file = {Snapshot:/Users/brent/Zotero/storage/L3XSXWNE/2010.html:text/html;Full Text:/Users/brent/Zotero/storage/IN9T2MET/Mandi and Guns - 2020 - Interior Point Solving for LP-based prediction+ op.pdf:application/pdf},
}

@inproceedings{amos_optnet_2017,
	title = {Optnet: {Differentiable} optimization as a layer in neural networks},
	shorttitle = {Optnet},
	booktitle = {International {Conference} on {Machine} {Learning}},
	publisher = {PMLR},
	author = {Amos, Brandon and Kolter, J. Zico},
	year = {2017},
	pages = {136--145},
	file = {Snapshot:/Users/brent/Zotero/storage/8MZTLVMP/amos17a.html:text/html;Full Text:/Users/brent/Zotero/storage/YUHVSCJA/Amos and Kolter - 2017 - Optnet Differentiable optimization as a layer in .pdf:application/pdf},
}

@article{luo_conic_2000,
	title = {Conic convex programming and self-dual embedding},
	volume = {14},
	number = {3},
	journal = {Optimization Methods and Software},
	author = {Luo, Z.-Q. and Sturm, Jos Fredrik and Zhang, Shuzhong},
	year = {2000},
	note = {Publisher: Taylor \& Francis},
	pages = {169--218},
	file = {Snapshot:/Users/brent/Zotero/storage/AQEAG8WK/10556780008805800.html:text/html;Full Text:/Users/brent/Zotero/storage/46BTI5MQ/Luo et al. - 2000 - Conic convex programming and self-dual embedding.pdf:application/pdf},
}

@article{odonoghue_operator_2013,
	title = {Operator splitting for conic optimization via homogeneous self-dual embedding},
	volume = {1},
	number = {2.1},
	journal = {arXiv preprint arXiv:1312.3039},
	author = {O’Donoghue, Brendan and Chu, Eric and Parikh, Neal and Boyd, Stephen},
	year = {2013},
	note = {Publisher: Citeseer},
	pages = {3},
	file = {Full Text:/Users/brent/Zotero/storage/ABD4D5EB/O’Donoghue et al. - 2013 - Operator splitting for conic optimization via homo.pdf:application/pdf},
}

@article{ye_o_1991,
	title = {An {O} (n 3 {L}) potential reduction algorithm for linear programming},
	volume = {50},
	number = {1},
	journal = {Mathematical programming},
	author = {Ye, Yinyu},
	year = {1991},
	note = {Publisher: Springer},
	pages = {239--258},
	file = {Snapshot:/Users/brent/Zotero/storage/DGX76KGR/BF01594937.html:text/html},
}

@article{ye_o_1994,
	title = {An {O} (√ {nL})-iteration homogeneous and self-dual linear programming algorithm},
	volume = {19},
	number = {1},
	journal = {Mathematics of operations research},
	author = {Ye, Yinyu and Todd, Michael J. and Mizuno, Shinji},
	year = {1994},
	note = {Publisher: INFORMS},
	pages = {53--67},
}

@inproceedings{mandi_smart_2020,
	title = {Smart predict-and-optimize for hard combinatorial optimization problems},
	volume = {34},
	booktitle = {Proceedings of the {AAAI} {Conference} on {Artificial} {Intelligence}},
	author = {Mandi, Jayanta and Stuckey, Peter J. and Guns, Tias},
	year = {2020},
	note = {Issue: 02},
	pages = {1603--1610},
	file = {Full Text:/Users/brent/Zotero/storage/DIFDZMNY/Mandi et al. - 2020 - Smart predict-and-optimize for hard combinatorial .pdf:application/pdf;Snapshot:/Users/brent/Zotero/storage/SE38Z4S6/5521.html:text/html},
}

@article{song_variance_2020,
	title = {Variance {Reduction} via {Accelerated} {Dual} {Averaging} for {Finite}-{Sum} {Optimization}},
	volume = {33},
	journal = {Advances in Neural Information Processing Systems},
	author = {Song, Chaobing and Jiang, Yong and Ma, Yi},
	year = {2020},
	file = {Snapshot:/Users/brent/Zotero/storage/57K955VJ/093b60fd0557804c8ba0cbf1453da22f-Abstract.html:text/html},
}

@inproceedings{agrawal_learning_2020,
	title = {Learning convex optimization control policies},
	booktitle = {Learning for {Dynamics} and {Control}},
	publisher = {PMLR},
	author = {Agrawal, Akshay and Barratt, Shane and Boyd, Stephen and Stellato, Bartolomeo},
	year = {2020},
	pages = {361--373},
	file = {Full Text:/Users/brent/Zotero/storage/IBL8VMUX/Agrawal et al. - 2020 - Learning convex optimization control policies.pdf:application/pdf;Snapshot:/Users/brent/Zotero/storage/WKWQH6HZ/agrawal20a.html:text/html},
}

@inproceedings{bertrand_implicit_2020,
	title = {Implicit differentiation of {Lasso}-type models for hyperparameter optimization},
	booktitle = {International {Conference} on {Machine} {Learning}},
	publisher = {PMLR},
	author = {Bertrand, Quentin and Klopfenstein, Quentin and Blondel, Mathieu and Vaiter, Samuel and Gramfort, Alexandre and Salmon, Joseph},
	year = {2020},
	pages = {810--821},
	file = {Full Text:/Users/brent/Zotero/storage/BDMIEI4C/Bertrand et al. - 2020 - Implicit differentiation of Lasso-type models for .pdf:application/pdf;Snapshot:/Users/brent/Zotero/storage/8TEBTDBE/bertrand20a.html:text/html},
}

@inproceedings{mensch_differentiable_2018,
	title = {Differentiable dynamic programming for structured prediction and attention},
	booktitle = {International {Conference} on {Machine} {Learning}},
	publisher = {PMLR},
	author = {Mensch, Arthur and Blondel, Mathieu},
	year = {2018},
	pages = {3462--3471},
	file = {Full Text:/Users/brent/Zotero/storage/IG57ZQR4/Mensch and Blondel - 2018 - Differentiable dynamic programming for structured .pdf:application/pdf;Snapshot:/Users/brent/Zotero/storage/V8GDGRWP/mensch18a.html:text/html},
}
